<record><leader>00000cas a22000007a 4500</leader><controlfield tag="001">9677819</controlfield><controlfield tag="008">830707d18541922oruwr ne      0    0eng d</controlfield><datafield ind1=" " ind2=" " tag="010"><subfield code="a">sn 83045781 </subfield></datafield><datafield ind1=" " ind2=" " tag="040"><subfield code="a">CRL</subfield><subfield code="b">eng</subfield><subfield code="c">CRL</subfield><subfield code="d">NPX</subfield><subfield code="d">NPU</subfield><subfield code="d">DLC</subfield><subfield code="d">NPY</subfield><subfield code="d">DLC</subfield><subfield code="d">KNP</subfield><subfield code="d">NYS</subfield><subfield code="d">MGN</subfield><subfield code="d">CNK</subfield><subfield code="d">NVF</subfield><subfield code="d">OCN</subfield><subfield code="d">TGN</subfield><subfield code="d">OCL</subfield><subfield code="d">DLC</subfield><subfield code="d">IUL</subfield><subfield code="d">DLC</subfield><subfield code="d">ORU</subfield><subfield code="d">OCLCF</subfield><subfield code="d">OCL</subfield></datafield><datafield ind1=" " ind2=" " tag="042"><subfield code="a">msc</subfield></datafield><datafield ind1=" " ind2=" " tag="043"><subfield code="a">n-us-or</subfield></datafield><datafield ind1="0" ind2="0" tag="050"><subfield code="a">Newspaper 9367</subfield></datafield><datafield ind1="0" ind2=" " tag="130"><subfield code="a">Weekly Oregonian (Portland, Or. : 1854)</subfield></datafield><datafield ind1="1" ind2="4" tag="245"><subfield code="a">The Weekly Oregonian.</subfield></datafield><datafield ind1="3" ind2="0" tag="246"><subfield code="a">Oregonian</subfield></datafield><datafield ind1=" " ind2=" " tag="260"><subfield code="a">Portland, O.T. [Or.] :</subfield><subfield code="b">T.J. Dryer,</subfield><subfield code="c">1854-</subfield></datafield><datafield ind1=" " ind2=" " tag="300"><subfield code="a">v.</subfield></datafield><datafield ind1=" " ind2=" " tag="310"><subfield code="a">Weekly</subfield></datafield><datafield ind1="0" ind2=" " tag="362"><subfield code="a">Vol. 4, no. 10 (Feb. 4, 1854)-</subfield></datafield><datafield ind1="1" ind2=" " tag="362"><subfield code="a">Ceased in 1922.</subfield></datafield><datafield ind1=" " ind2=" " tag="500"><subfield code="a">Publishers: T.J. Dryer &amp; Co., 1856-1858; T.J. Dryer, 1858-1860; H.L. Pittock, 1860-1872; Oregonian Publishing Co., 1872-&lt;1876&gt;.</subfield></datafield><datafield ind1=" " ind2=" " tag="530"><subfield code="a">Available on microfilm from University of California, Berkeley, Microfilming Corp. of America, and Bell &amp; Howell Information and Learning.</subfield></datafield><datafield ind1=" " ind2=" " tag="530"><subfield code="a">Also available online.</subfield></datafield><datafield ind1=" " ind2=" " tag="580"><subfield code="a">Other eds.: Weekly Oregonian (Portland, Ore. : Steamer ed.), &lt;1854&gt;, and: Morning Oregonian (Portland, Or. : 1861), 1861-1922, and: Tri-weekly Oregonian, and: Monthly Oregonian, &lt;1895&gt;.</subfield></datafield><datafield ind1=" " ind2="0" tag="651"><subfield code="a">Portland (Or.)</subfield><subfield code="v">Newspapers.</subfield></datafield><datafield ind1=" " ind2="0" tag="651"><subfield code="a">Multnomah County (Or.)</subfield><subfield code="v">Newspapers.</subfield></datafield><datafield ind1=" " ind2="7" tag="651"><subfield code="a">Oregon</subfield><subfield code="z">Portland.</subfield><subfield code="2">fast</subfield><subfield code="0">(OCoLC)fst01204325</subfield></datafield><datafield ind1=" " ind2="7" tag="651"><subfield code="a">Oregon</subfield><subfield code="z">Multnomah County.</subfield><subfield code="2">fast</subfield><subfield code="0">(OCoLC)fst01216118</subfield></datafield><datafield ind1=" " ind2="7" tag="655"><subfield code="a">Newspapers.</subfield><subfield code="2">fast</subfield><subfield code="0">(OCoLC)fst01423814</subfield></datafield><datafield ind1=" " ind2=" " tag="752"><subfield code="a">United States</subfield><subfield code="b">Oregon</subfield><subfield code="c">Multnomah</subfield><subfield code="d">Portland.</subfield></datafield><datafield ind1="1" ind2=" " tag="775"><subfield code="t">Weekly Oregonian (Portland, Ore. : Steamer ed.)</subfield><subfield code="w">(DLC)sn 87067078</subfield><subfield code="w">(OCoLC)15181948</subfield></datafield><datafield ind1="1" ind2=" " tag="775"><subfield code="t">Morning Oregonian (Portland, Or. : 1861)</subfield><subfield code="w">(DLC)sn 83025138</subfield><subfield code="w">(OCoLC)9278209</subfield></datafield><datafield ind1="1" ind2=" " tag="775"><subfield code="t">Tri-weekly Oregonian</subfield></datafield><datafield ind1="1" ind2=" " tag="775"><subfield code="t">Monthly Oregonian</subfield><subfield code="w">(DLC)sn 92061440</subfield><subfield code="w">(OCoLC)25181545</subfield></datafield><datafield ind1="0" ind2="0" tag="780"><subfield code="t">Oregonian (Portland, Or. : 1850)</subfield><subfield code="w">(DLC)sn 83045780</subfield><subfield code="w">(OCoLC)9673724</subfield></datafield><datafield ind1="4" ind2="1" tag="856"><subfield code="u">http://newspaperarchive.com/portland-weekly-oregonian</subfield><subfield code="z">NewspaperARCHIVE.com</subfield></datafield><datafield ind1="1" ind2=" " tag="029"><subfield code="a">AU@</subfield><subfield code="b">000020227760</subfield></datafield></record>